@article{duncan1998brca1,
  title="{BRCA1 and BRCA2 proteins: roles in health and disease.}",
  author={Duncan, JA and Reeves, JR and Cooke, TG},
  journal={Molecular pathology},
  volume={51},
  number={5},
  pages={237},
  year={1998},
  publisher={BMJ Publishing Group}
}

@article{greer2006role,
  title="{Role of BRCA1/2 mutations in pancreatic cancer}",
  author={Greer, Julia B and Whitcomb, David C},
  journal={Gut},
  year={2006},
  publisher={BMJ Publishing Group}
}

@article{huang2018association,
  title="{Association of BRCA1/2 mutations with ovarian cancer prognosis: an updated meta-analysis}",
  author={Huang, Yong-Wen},
  journal={Medicine},
  volume={97},
  number={2},
  year={2018},
  publisher={Wolters Kluwer Health}
}

@article{mai2009potential,
  title={Potential excess mortality in BRCA1/2 mutation carriers beyond breast, ovarian, prostate, and pancreatic cancers, and melanoma},
  author={Mai, Phuong L and Chatterjee, Nilanjan and Hartge, Patricia and Tucker, Margaret and Brody, Lawrence and Struewing, Jeffery P and Wacholder, Sholom},
  journal={PLoS One},
  volume={4},
  number={3},
  pages={e4812},
  year={2009},
  publisher={Public Library of Science San Francisco, USA}
}

@article{haffty2002outcome,
  title="{Outcome of conservatively managed early-onset breast cancer by BRCA1/2 status}",
  author={Haffty, Bruce G and Harrold, Elizabeth and Khan, Atif J and Pathare, Pradip and Smith, Tanya E and Turner, Bruce C and Glazer, Peter M and Ward, Barbara and Carter, Daryl and Matloff, Ellen and others},
  journal={The Lancet},
  volume={359},
  number={9316},
  pages={1471--1477},
  year={2002},
  publisher={Elsevier}
}


@article{friedenson2007brca1,
  title="{The BRCA1/2 pathway prevents hematologic cancers in addition to breast and ovarian cancers}",
  author={Friedenson, Bernard},
  journal={BMC cancer},
  volume={7},
  number={1},
  pages={1--11},
  year={2007},
  publisher={BioMed Central}
}

@article{choi2021competing,
  title={A competing risks model with binary time varying covariates for estimation of breast cancer risks in BRCA1 families},
  author={Choi, Yun-Hee and Jung, Hae and Buys, Saundra and Daly, Mary and John, Esther M and Hopper, John and Andrulis, Irene and Terry, Mary Beth and Briollais, Laurent},
  journal={Statistical Methods in Medical Research},
  volume={30},
  number={9},
  pages={2165--2183},
  year={2021},
  publisher={SAGE Publications Sage UK: London, England}
}

@article{choi2021association,
  title={Association of risk-reducing salpingo-oophorectomy with breast cancer risk in women with BRCA1 and BRCA2 pathogenic variants},
  author={Choi, Yun-Hee and Terry, Mary Beth and Daly, Mary B and MacInnis, Robert J and Hopper, John L and Colonna, Sarah and Buys, Saundra S and Andrulis, Irene L and John, Esther M and Kurian, Allison W and others},
  journal={JAMA oncology},
  volume={7},
  number={4},
  pages={585--592},
  year={2021},
  publisher={American Medical Association}
}

@article{lux2006hereditary,
  title={Hereditary breast and ovarian cancer: review and future perspectives},
  author={Lux, Michael P and Fasching, Peter A and Beckmann, Matthias W},
  journal={Journal of molecular medicine},
  volume={84},
  pages={16--28},
  year={2006},
  publisher={Springer}
}

@article{kaplan1958nonparametric,
  title={Nonparametric estimation from incomplete observations},
  author={Kaplan, Edward L and Meier, Paul},
  journal={Journal of the American statistical association},
  volume={53},
  number={282},
  pages={457--481},
  year={1958},
  publisher={Taylor \& Francis}
}

@article{cox1972regression,
  title={Regression models and life-tables},
  author={Cox, David R},
  journal={Journal of the Royal Statistical Society: Series B (Methodological)},
  volume={34},
  number={2},
  pages={187--202},
  year={1972},
  publisher={Wiley Online Library}
}

@book{collett2023modelling,
  title={Modelling survival data in medical research},
  author={Collett, David},
  year={2023},
  publisher={Chapman and Hall/CRC}
}

@book{machin2006survival,
  title={Survival analysis: a practical approach},
  author={Machin, David and Cheung, Yin Bun and Parmar, Mahesh},
  year={2006},
  publisher={John Wiley \& Sons}
}

@book{kleinbaum1996survival,
  title={Survival analysis a self-learning text},
  author={Kleinbaum, David G and Klein, Mitchel},
  year={1996},
  publisher={Springer}
}

@book{hosmer2008applied,
  title={Applied survival analysis: regression modeling of time-to-event data},
  author={Hosmer Jr, David W and Lemeshow, Stanley and May, Susanne},
  volume={618},
  year={2008},
  publisher={John Wiley \& Sons}
}

@misc{rubin1987multiple,
  title={Multiple imputation for survey nonresponse},
  author={Rubin, Donald B},
  year={1987},
  publisher={New York: Wiley}
}

@article{keller2021blimp,
  title={Blimp userâ€™s guide (Version 3)},
  author={Keller, BT and Enders, CK},
  journal={Blimp Software: Los Angeles, CA, USA},
  year={2021}
}

@article{royston2011multiple,
  title={Multiple imputation by chained equations (MICE): implementation in Stata},
  author={Royston, Patrick and White, Ian R},
  journal={Journal of statistical software},
  volume={45},
  pages={1--20},
  year={2011}
}

@article{quartagno2019jomo,
  title={Jomo: a flexible package for two-level joint modelling multiple imputation},
  author={Quartagno, Matteo and Grund, Simon and Carpenter, James},
  journal={R Journal},
  volume={9},
  number={1},
  year={2019}
}