@article{nielsen1992counting,
  title={A counting process approach to maximum likelihood estimation in frailty models},
  author={Nielsen, Gert G and Gill, Richard D and Andersen, Per Kragh and S{\o}rensen, Thorkild IA},
  journal={Scandinavian journal of Statistics},
  pages={25--43},
  year={1992},
  publisher={JSTOR}
}

@article{choi2021association,
  title={Association of risk-reducing salpingo-oophorectomy with breast cancer risk in women with BRCA1 and BRCA2 pathogenic variants},
  author={Choi, Yun-Hee and Terry, Mary Beth and Daly, Mary B and MacInnis, Robert J and Hopper, John L and Colonna, Sarah and Buys, Saundra S and Andrulis, Irene L and John, Esther M and Kurian, Allison W and others},
  journal={JAMA oncology},
  volume={7},
  number={4},
  pages={585--592},
  year={2021},
  publisher={American Medical Association}
}

@online{BCCanadaStatistics2023, 
author = {Canadian Cancer Statistics Advisory Committee},
title = {Canadian Cancer Statistics 2023},
year = {2023},
url = {https://cancer.ca/en/research/cancer-statistics}
}

@article{pritchard2019new,
  title={New name for breast-cancer syndrome could help to save lives},
  author={Pritchard, Colin C},
  journal={Nature},
  volume={571},
  number={7763},
  pages={27--29},
  year={2019},
  publisher={Nature Publishing Group UK London}
}

@article{choi2021competing,
  title={A competing risks model with binary time varying covariates for estimation of breast cancer risks in BRCA1 families},
  author={Choi, Yun-Hee and Jung, Hae and Buys, Saundra and Daly, Mary and John, Esther M and Hopper, John and Andrulis, Irene and Terry, Mary Beth and Briollais, Laurent},
  journal={Statistical Methods in Medical Research},
  volume={30},
  number={9},
  pages={2165--2183},
  year={2021},
  publisher={SAGE Publications Sage UK: London, England}
}

@article{chen2009frailty,
  title={A frailty-model-based approach to estimating the age-dependent penetrance function of candidate genes using population-based case-control study designs: an application to data on the BRCA1 gene},
  author={Chen, Lu and Hsu, Li and Malone, Kathleen},
  journal={Biometrics},
  volume={65},
  number={4},
  pages={1105--1114},
  year={2009},
  publisher={Oxford University Press}
}

@article{herring2002frailty,
  title={Frailty models with missing covariates},
  author={Herring, Amy H and Ibrahim, Joseph G and Lipsitz, Stuart R},
  journal={Biometrics},
  volume={58},
  number={1},
  pages={98--109},
  year={2002},
  publisher={Oxford University Press}
}

@article{ibrahim2009missing,
  title={Missing data methods in longitudinal studies: a review},
  author={Ibrahim, Joseph G and Molenberghs, Geert},
  journal={Test},
  volume={18},
  number={1},
  pages={1--43},
  year={2009},
  publisher={Springer}
}

@article{herring2002maximum,
  title={Maximum likelihood estimation in random effects cure rate models with nonignorable missing covariates},
  author={Herring, Amy H and Ibrahim, Joseph G},
  journal={Biostatistics},
  volume={3},
  number={3},
  pages={387--405},
  year={2002},
  publisher={Oxford University Press}
}

@article{ripatti2002maximum,
  title={Maximum likelihood inference for multivariate frailty models using an automated Monte Carlo EM algorithm},
  author={Ripatti, Samuli and Larsen, Klaus and Palmgren, Juni},
  journal={Lifetime Data Analysis},
  volume={8},
  pages={349--360},
  year={2002},
  publisher={Springer}
}

@incollection{rubin2018multiple,
  title={Multiple imputation},
  author={Rubin, Donald B},
  booktitle={Flexible Imputation of Missing Data, Second Edition},
  pages={29--62},
  year={2018},
  publisher={Chapman and Hall/CRC}
}

@article{rubin1976inference,
  title={Inference and missing data},
  author={Rubin, Donald B},
  journal={Biometrika},
  volume={63},
  number={3},
  pages={581--592},
  year={1976},
  publisher={Oxford University Press}
}

@article{white2009imputing,
  title={Imputing missing covariate values for the Cox model},
  author={White, Ian R and Royston, Patrick},
  journal={Statistics in medicine},
  volume={28},
  number={15},
  pages={1982--1998},
  year={2009},
  publisher={Wiley Online Library}
}