@article{herring2002frailty,
  title={Frailty models with missing covariates},
  author={Herring, Amy H and Ibrahim, Joseph G and Lipsitz, Stuart R},
  journal={Biometrics},
  volume={58},
  number={1},
  pages={98--109},
  year={2002},
  publisher={Oxford University Press}
}


