@article{obsvtnlstudydef,
    author = {Samet, Jonathan M. and Wipfli, Heather and Platz, Elizabeth A. and Bhavsar, Nrupen},
    title = "{A Dictionary of Epidemiology, Fifth Edition: Edited by Miquel Porta}",
    journal = {American Journal of Epidemiology},
    volume = {170},
    number = {11},
    pages = {1449-1451},
    year = {2009},
    month = {10},
    issn = {0002-9262},
    doi = {10.1093/aje/kwp322},
    url = {https://doi.org/10.1093/aje/kwp322},
    eprint = {https://academic.oup.com/aje/article-pdf/170/11/1449/268688/kwp322.pdf},
}


@article{observationalvsclinical,
author = {Benson, Kjell and Hartz, Arthur J.},
title = {A Comparison of Observational Studies and Randomized, Controlled Trials},
journal = {New England Journal of Medicine},
volume = {342},
number = {25},
pages = {1878-1886},
year = {2000},
doi = {10.1056/NEJM200006223422506},
    note ={PMID: 10861324},

URL = { 
        https://doi.org/10.1056/NEJM200006223422506
    
},
eprint = { 
        https://doi.org/10.1056/NEJM200006223422506
    
}

}

@book{schafer1997analysis,
  title={Analysis of incomplete multivariate data},
  author={Schafer, Joseph L},
  year={1997},
  publisher={CRC press}
}

@article{midifferent,
author = {Hayati Rezvan, Panteha and Lee, Katherine J and Simpson, Julie A},
title = {The rise of multiple imputation: a review of the reporting and implementation of the method in medical research},
journal = {BMC Medical Research Methodology},
volume = {15},
number = {1},
pages = {30},
year = {2015},
doi = {10.1186/s12874-015-0022-1}
}

@article{rubin1976inference,
  title={Inference and missing data},
  author={Rubin, Donald B},
  journal={Biometrika},
  volume={63},
  number={3},
  pages={581--592},
  year={1976},
  publisher={Oxford University Press}
}

@book{rubin2004multiple,
  title={Multiple imputation for nonresponse in surveys},
  author={Rubin, Donald B},
  volume={81},
  year={2004},
  publisher={John Wiley \& Sons}
}

@book{little2019statistical,
  title={Statistical analysis with missing data},
  author={Little, Roderick JA and Rubin, Donald B},
  volume={793},
  year={2019},
  publisher={John Wiley \& Sons}
}

@inproceedings{marchenko2009multiple,
  title={Multiple-imputation analysis using Stataâ€™s mi command},
  author={Marchenko, Yulia},
  booktitle={Presentation given to the 2009 UK Stata users group meeting, London, UK, on September},
  volume={10},
  pages={2009},
  year={2009}
}

@article{yuan2011multiple,
  title={Multiple imputation using SAS software},
  author={Yuan, Yang},
  journal={Journal of Statistical Software},
  volume={45},
  pages={1--25},
  year={2011}
}

@article{su2011multiple,
  title={Multiple imputation with diagnostics (mi) in R: Opening windows into the black box},
  author={Su, Yu-Sung and Gelman, Andrew and Hill, Jennifer and Yajima, Masanao},
  journal={Journal of Statistical Software},
  volume={45},
  pages={1--31},
  year={2011}
}

@article{little1989analysis,
  title={The analysis of social science data with missing values},
  author={Little, Roderick JA and Rubin, Donald B},
  journal={Sociological methods \& research},
  volume={18},
  number={2-3},
  pages={292--326},
  year={1989},
  publisher={Sage Publications}
}

@article{zhang2003multiple,
  title={Multiple imputation: theory and method},
  author={Zhang, Paul},
  journal={International Statistical Review/Revue Internationale de Statistique},
  pages={581--592},
  year={2003},
  publisher={JSTOR}
}

@article{emrubin1977,
 ISSN = {00359246},
 URL = {http://www.jstor.org/stable/2984875},
 abstract = {A broadly applicable algorithm for computing maximum likelihood estimates from incomplete data is presented at various levels of generality. Theory showing the monotone behaviour of the likelihood and convergence of the algorithm is derived. Many examples are sketched, including missing value situations, applications to grouped, censored or truncated data, finite mixture models, variance component estimation, hyperparameter estimation, iteratively reweighted least squares and factor analysis.},
 author = {A. P. Dempster and N. M. Laird and D. B. Rubin},
 journal = {Journal of the Royal Statistical Society. Series B (Methodological)},
 number = {1},
 pages = {1--38},
 publisher = {[Royal Statistical Society, Wiley]},
 title = {Maximum Likelihood from Incomplete Data via the EM Algorithm},
 urldate = {2023-07-13},
 volume = {39},
 year = {1977}
}

@article{brooks1998markov,
  title={Markov chain Monte Carlo method and its application},
  author={Brooks, Stephen},
  journal={Journal of the royal statistical society: series D (the Statistician)},
  volume={47},
  number={1},
  pages={69--100},
  year={1998},
  publisher={Wiley Online Library}
}

@article{power2006cohort,
  title={Cohort profile: 1958 British birth cohort (national child development study)},
  author={Power, Chris and Elliott, Jane},
  journal={International journal of epidemiology},
  volume={35},
  number={1},
  pages={34--41},
  year={2006},
  publisher={Oxford University Press}
}

@incollection{ncds, 
    year = {2023},
    publisher = {University College London, UCL Institute of Education, Centre for Longitudinal Studies [data series]. National Child Development Study. 13th Release. UK Data Service},
    DOI = {http://doi.org/10.5255/UKDA-Series-2000032}
}

@book{gilks1995markov,
  title={Markov chain Monte Carlo in practice},
  author={Gilks, Walter R and Richardson, Sylvia and Spiegelhalter, David},
  year={1995},
  publisher={CRC press}
}

@book{brooks2011handbook,
  title={Handbook of markov chain monte carlo},
  author={Brooks, Steve and Gelman, Andrew and Jones, Galin and Meng, Xiao-Li},
  year={2011},
  publisher={CRC press}
}

@article{schafer2002missing,
  title={Missing data: our view of the state of the art.},
  author={Schafer, Joseph L and Graham, John W},
  journal={Psychological methods},
  volume={7},
  number={2},
  pages={147},
  year={2002},
  publisher={American Psychological Association}
}

@article{meng1994multiple,
  title={Multiple-imputation inferences with uncongenial sources of input},
  author={Meng, Xiao-Li},
  journal={Statistical science},
  pages={538--558},
  year={1994},
  publisher={JSTOR}
}