@article{duncan1998brca1,
  title="{BRCA1 and BRCA2 proteins: roles in health and disease.}",
  author={Duncan, JA and Reeves, JR and Cooke, TG},
  journal={Molecular pathology},
  volume={51},
  number={5},
  pages={237},
  year={1998},
  publisher={BMJ Publishing Group}
}

@article{greer2006role,
  title="{Role of BRCA1/2 mutations in pancreatic cancer}",
  author={Greer, Julia B and Whitcomb, David C},
  journal={Gut},
  year={2006},
  publisher={BMJ Publishing Group}
}

@article{huang2018association,
  title="{Association of BRCA1/2 mutations with ovarian cancer prognosis: an updated meta-analysis}",
  author={Huang, Yong-Wen},
  journal={Medicine},
  volume={97},
  number={2},
  year={2018},
  publisher={Wolters Kluwer Health}
}

@article{haffty2002outcome,
  title="{Outcome of conservatively managed early-onset breast cancer by BRCA1/2 status}",
  author={Haffty, Bruce G and Harrold, Elizabeth and Khan, Atif J and Pathare, Pradip and Smith, Tanya E and Turner, Bruce C and Glazer, Peter M and Ward, Barbara and Carter, Daryl and Matloff, Ellen and others},
  journal={The Lancet},
  volume={359},
  number={9316},
  pages={1471--1477},
  year={2002},
  publisher={Elsevier}
}


@article{friedenson2007brca1,
  title="{The BRCA1/2 pathway prevents hematologic cancers in addition to breast and ovarian cancers}",
  author={Friedenson, Bernard},
  journal={BMC cancer},
  volume={7},
  number={1},
  pages={1--11},
  year={2007},
  publisher={BioMed Central}
}

@article{choi2021competing,
  title={A competing risks model with binary time varying covariates for estimation of breast cancer risks in BRCA1 families},
  author={Choi, Yun-Hee and Jung, Hae and Buys, Saundra and Daly, Mary and John, Esther M and Hopper, John and Andrulis, Irene and Terry, Mary Beth and Briollais, Laurent},
  journal={Statistical Methods in Medical Research},
  volume={30},
  number={9},
  pages={2165--2183},
  year={2021},
  publisher={SAGE Publications Sage UK: London, England}
}

@article{choi2021association,
  title={Association of risk-reducing salpingo-oophorectomy with breast cancer risk in women with BRCA1 and BRCA2 pathogenic variants},
  author={Choi, Yun-Hee and Terry, Mary Beth and Daly, Mary B and MacInnis, Robert J and Hopper, John L and Colonna, Sarah and Buys, Saundra S and Andrulis, Irene L and John, Esther M and Kurian, Allison W and others},
  journal={JAMA oncology},
  volume={7},
  number={4},
  pages={585--592},
  year={2021},
  publisher={American Medical Association}
}

@article{lux2006hereditary,
  title={Hereditary breast and ovarian cancer: review and future perspectives},
  author={Lux, Michael P and Fasching, Peter A and Beckmann, Matthias W},
  journal={Journal of molecular medicine},
  volume={84},
  pages={16--28},
  year={2006},
  publisher={Springer}
}